@article{ref1,
  title={An overview of gradient descent optimization algorithms},
  author={Ruder, Sebastian},
  journal={arXiv preprint arXiv:1609.04747},
  year={2016}
}

@article{ref2,
  title={A study on multiple linear regression analysis},
  author={Uyan{\i}k, G{\"u}lden Kaya and G{\"u}ler, Ne{\c{s}}e},
  journal={Procedia-Social and Behavioral Sciences},
  volume={106},
  pages={234--240},
  year={2013},
  publisher={Elsevier}
}

@book{ref3,
  title={Applied linear regression},
  author={Weisberg, Sanford},
  volume={528},
  year={2005},
  publisher={John Wiley \& Sons}
}

@book{ref4,
  title={Linear regression analysis: theory and computing},
  author={Yan, Xin and Su, Xiaogang},
  year={2009},
  publisher={World Scientific}
}